@webpage{githubrepo,
  author = {Jan Antala},
  title = {Latex Seed},
  year = {Jul 28, 2013},
  url = {https://github.com/janantala/latex-seed}
}